<record><leader>00000cas a22000007a 4500</leader><controlfield tag="001">25934356</controlfield><controlfield tag="008">920603d191u1925wyuwr ne      0    0eng d</controlfield><datafield ind1=" " ind2=" " tag="010"><subfield code="a">sn 92067085 </subfield></datafield><datafield ind1=" " ind2=" " tag="040"><subfield code="a">NVO</subfield><subfield code="b">eng</subfield><subfield code="c">NVO</subfield><subfield code="d">OCLCQ</subfield></datafield><datafield ind1=" " ind2=" " tag="042"><subfield code="a">msc</subfield></datafield><datafield ind1="0" ind2="4" tag="245"><subfield code="a">The Glenrock gazette.</subfield></datafield><datafield ind1=" " ind2=" " tag="260"><subfield code="a">Glenrock, Converse County, Wyo. :</subfield><subfield code="b">[s.n.]</subfield></datafield><datafield ind1=" " ind2=" " tag="300"><subfield code="a">v.</subfield></datafield><datafield ind1=" " ind2=" " tag="310"><subfield code="a">Weekly</subfield></datafield><datafield ind1="0" ind2=" " tag="362"><subfield code="a">-v. 10, no. 31 (Sept. 17, 1925).</subfield></datafield><datafield ind1=" " ind2=" " tag="588"><subfield code="a">Description based on: Vol. 4, no. 7 (Apr. 24, 1919).</subfield></datafield><datafield ind1=" " ind2="4" tag="651"><subfield code="a">Glenrock (Wyo.)</subfield><subfield code="v">Newspapers.</subfield></datafield><datafield ind1=" " ind2="4" tag="651"><subfield code="a">Converse County (Wyo.)</subfield><subfield code="v">Newspapers.</subfield></datafield><datafield ind1=" " ind2=" " tag="752"><subfield code="a">United States</subfield><subfield code="b">Wyoming</subfield><subfield code="c">Converse</subfield><subfield code="d">Glenrock.</subfield></datafield><datafield ind1="0" ind2="4" tag="785"><subfield code="t">Green River news</subfield><subfield code="w">(DLC)sn 93070026</subfield></datafield></record>